
@online{telekom2024,
	author = {{Deutsche Telekom AG}},
	title = {Geschäftsbericht 2023},
	year = {2024},
	url = {https://www.telekom.com/geschaeftsbericht2023},
	note = {Zugegriffen am 20.05.2025}
}

@online{geissel2023,
	author = {Geißel, L. and Moßbach, T.},
	title = {Zwischen Innovation und Wachstum – Die Strategie der Deutschen Telekom},
	year = {2023},
	organization = {Detecon Consulting},
	note = {Zugegriffen am 22.05.2025}
}

@online{illek2017,
	author = {Illek, C.},
	title = {Management zur Sache: Einfach mal ausprobieren},
	year = {2017},
	organization = {Telekom Konzern},
	note = {Zugegriffen am 22.05.2025}
}

@online{koehler2023,
	author = {Köhler, J.},
	title = {Das größte Hindernis der Digitalisierung},
	year = {2023},
	organization = {T-Systems},
	note = {Zugegriffen am 22.05.2025}
}

@book{kornmeier2022,
	author = {Kornmeier, M.},
	title = {Wissenschaftliches Arbeiten: Eine praxisorientierte Einführung},
	year = {2022},
	edition = {10},
	publisher = {Springer Gabler},
	address = {Wiesbaden},
}

@online{leibiger2021,
	author = {Leibiger, F.},
	title = {Cloud first: T-Systems announces new strategy},
	year = {2021},
	organization = {Telekom Media},
	note = {Zugegriffen am 22.05.2025}
}

@online{morris2022,
	author = {Morris, I.},
	title = {Deutsche Telekom is locked into the public cloud},
	year = {2022},
	organization = {Light Reading},
	note = {Zugegriffen am 22.05.2025}
}

@online{celonis2022,
	author = {{o.V.}},
	title = {Celonis: Wie die DTSE mit Celonis seine Datenanalyse revolutionierte},
	year = {2022},
	note = {Zugegriffen am 27.05.2025}
}

@online{telekom2024subsidiaries,
	author = {{o.V.}},
	title = {Deutsche Telekom – Geschäftsbericht: Wesentliche Tochterunternehmen},
	year = {2024},
	note = {Zugegriffen am 23.05.2025}
}

@online{telekom2025basis,
	author = {{o.V.}},
	title = {Basisinformationen \& Struktur},
	year = {2025},
	note = {Zugegriffen am 24.05.2025}
}

@online{telekom2025transformation,
	author = {{o.V.}},
	title = {Deutsche Telekom: Transformation im Großformat},
	year = {2025},
	organization = {The Dive},
	note = {Zugegriffen am 22.05.2025}
}

@online{t-systems2024sla,
	author = {{o.V.}},
	title = {Hyperscale SLA Monitoring for a German Financial Institution},
	year = {2024},
	organization = {T-Systems},
	note = {Zugegriffen am 22.05.2025}
}

@online{ikt2024onedelivery,
	author = {{o.V.}},
	title = {Arbeitgeber kündigt Projekt OneDelivery an – Was bedeutet das für unsere Kolleginnen und Kollegen?},
	year = {2024},
	organization = {IKT-NRW},
	note = {Zugegriffen am 22.05.2025}
}

@online{dpvkom2025onedelivery,
	author = {{o.V.}},
	title = {Projekt One Delivery: Nächste große Umstrukturierung angekündigt},
	year = {2025},
	organization = {DPVKOM-Die Fachgewerkschaft},
	note = {Zugegriffen am 22.05.2025}
}

@online{telekom2025vorstand,
	author = {{o.V.}},
	title = {Telekom Vorstand im Überblick},
	year = {2025},
	note = {Zugegriffen am 23.05.2025}
}

@online{schewe2018,
	author = {Schewe, G.},
	title = {Gabler Wirtschaftslexikon: Process Owner},
	year = {2018},
	note = {Zugegriffen am 27.05.2025}
}

@book{vahs2023a,
	author = {Vahs, D.},
	title = {Organisation: Grundlagen der Unternehmensgestaltung},
	year = {2023},
	edition = {10},
	publisher = {Schäffer-Poeschel},
	address = {Stuttgart},
}

@book{vahs2023b,
	author = {Vahs, D.},
	title = {Organisation: Ein Lehr- und Managementbuch},
	year = {2023},
	publisher = {Schäffer-Poeschel Verlag},
}

@online{wehr202x,
	author = {Wehr, A.},
	title = {Silodenken: Das Abteilungs-Dilemma in Unternehmen},
	year = {o.D.},
	organization = {Tractionwise},
	note = {Zugegriffen am 22.05.2025}
}

@online{verdi2025,
	author       = {{Vereinte Dienstleistungsgewerkschaft}},
	title        = {Vereinte Dienstleistungsgewerkschaft (ver.di)},
	year         = {2025},
	url          = {https://www.verdi.de},
	note         = {Zugegriffen am 4. Juli 2025}
}
@misc{schmelzerHermannJ2020GidP,
	isbn = {9783446446250},
	year = {2020},
	title = {Geschäftsprozessmanagement in der Praxis : Kunden zufriedenstellen, Produktivität steigern, Wert erhöhen},
	edition = {9., vollständig überarbeitete Auflage},
	language = {ger},
	author = {Schmelzer, Hermann J},
	keywords = {Prozessmanagement; Lehrbuch},
}



